% ГОСТ Р 7.0.11-2011, Приложение Б, 

@BOOK{Kravcov,
	author = {О.А.Кравцов, З.И.Фейзулин, А.Г.Виноградов},
	title = {Прохождение радиоволн через атмосферу Земли},
	address = {Москва},
	publisher = {Радио и связь},
	year = {1983},
	numpages = {224},
	language = {russian}
}

@ARTICLE{NeQuick,
	author = {B.Nava P.Coisson S.},
	volume = {Solar-Terr.},
	journal = {J. Atmos.},
	issue = {Phys.},
	title = {A new version of the Nequick ionosphere electron density model},
	year = {2008},
	language = {english}
}

@BOOK{Gackovskiy,
	author = {Гацковский А.В. Курикша А.А. Лагуткин В.Н. Лукьянов А.П. Хуторовский З.Н. Шилин В.Д},
	title = {Анализ методов компенсации ионосферных ошибок определения параметров движения КО по данным 
		радиолокационных наблюдений},
	address = {Москва},
	publisher = {МАК Вымпел},
	year = {2015},
	numpages = {8},
	language = {russian}
}

@ARTICLE{Norad,
	author = {Felix R. Hoots, Ronald L. Roehrich},
	journaltitle = {SPACETRACK REPORT},
	volume = {3},
	journal = {Aerospace Defense Command United States Air Force},
	title = {MODELS FOR PROPAGATION OF NORAD ELEMENT SETS},
	year = {1980},
	month = {December},
	language = {english}
}

@BOOK{Davies,
	author = {Kenneth Davies, перевод с английского: И.В. Ковалевский, А.П. Кропоткин},
	title = {Ionospheric radio waves/Радиоволны в ионосфере},
	address = {Space Disturbances Laboratory Institutes for Environmental Research
		Boulder, Colorado, and University of Colorado/Москва},
	publisher = {Издательсо МИР},
	year = {1969/1973},
	language = {english,russian}
}

@BOOK{Bakulev,
	author = {Бакулев П.А.},
	title = {Радиолокационные системы: Учебник для вузов},
	address = {Москва},
	publisher = {Радиотехника},
	year = {2004},
	language = {russian}
}